<record><leader>00000cas a22000007a 4500</leader><controlfield tag="001">12338993</controlfield><controlfield tag="008">850802d19171932aluwr ne      0    0eng d</controlfield><datafield ind1=" " ind2=" " tag="010"><subfield code="a">sn 85044922 </subfield></datafield><datafield ind1=" " ind2=" " tag="040"><subfield code="a">ALM</subfield><subfield code="b">eng</subfield><subfield code="c">ALM</subfield><subfield code="d">CPN</subfield><subfield code="d">OCLCQ</subfield></datafield><datafield ind1=" " ind2=" " tag="042"><subfield code="a">msc</subfield></datafield><datafield ind1="0" ind2="0" tag="245"><subfield code="a">Dadeville spot cash.</subfield></datafield><datafield ind1=" " ind2=" " tag="260"><subfield code="a">Dadeville, Ala. :</subfield><subfield code="b">M.L. &amp; S.H. Nelson,</subfield><subfield code="c">1917-1932.</subfield></datafield><datafield ind1=" " ind2=" " tag="300"><subfield code="a">v. :</subfield><subfield code="b">ill.</subfield></datafield><datafield ind1=" " ind2=" " tag="310"><subfield code="a">Weekly</subfield></datafield><datafield ind1="0" ind2=" " tag="362"><subfield code="a">Vol. 19, no. 27 (Aug. 10, 1917)-v. 34, no. 8 (Apr. 14, 1932).</subfield></datafield><datafield ind1=" " ind2=" " tag="515"><subfield code="a">Numbering is irregular.</subfield></datafield><datafield ind1=" " ind2=" " tag="752"><subfield code="a">United States</subfield><subfield code="b">Alabama</subfield><subfield code="c">Tallapoosa</subfield><subfield code="d">Dadeville.</subfield></datafield><datafield ind1="0" ind2="0" tag="780"><subfield code="t">Spot cash</subfield><subfield code="w">(DLC)sn 85044921</subfield></datafield><datafield ind1="0" ind2="0" tag="785"><subfield code="t">Dadeville record (Dadeville, Ala.)</subfield><subfield code="w">(DLC)sn 88050041</subfield></datafield></record>